

@online{MadDat,
    author = {Isabelle Guyon},
    title  = {Madelon Data Set},
    date   = {2004},
    url    = {https://archive.ics.uci.edu/ml/datasets/Madelon}
}
