@article {ZhaAA,
    AUTHOR = {Zhang, Junzi and O'Donoghue, Brendan and Boyd, Stephen},
     TITLE = {Globally convergent type-{I} {A}nderson acceleration for
              nonsmooth fixed-point iterations},
   JOURNAL = {SIAM J. Optim.},
  FJOURNAL = {SIAM Journal on Optimization},
    VOLUME = {30},
      YEAR = {2020},
    NUMBER = {4},
     PAGES = {3170--3197},
      ISSN = {1052-6234},
   MRCLASS = {47J26 (47H05 47H09 49J52 65K05 90C25 90C53)},
  MRNUMBER = {4175839},
MRREVIEWER = {Jun Yang},
       DOI = {10.1137/18M1232772},
       URL = {https://doi-org.ludwig.lub.lu.se/10.1137/18M1232772},
       keywords = {main}
}

@article {FanMsM,
    AUTHOR = {Fang, Haw-ren and Saad, Yousef},
     TITLE = {Two classes of multisecant methods for nonlinear acceleration},
   JOURNAL = {Numer. Linear Algebra Appl.},
  FJOURNAL = {Numerical Linear Algebra with Applications},
    VOLUME = {16},
      YEAR = {2009},
    NUMBER = {3},
     PAGES = {197--221},
      ISSN = {1070-5325},
   MRCLASS = {65H10},
  MRNUMBER = {2489203},
MRREVIEWER = {Boro D\"{o}ring},
       DOI = {10.1002/nla.617},
       URL = {https://doi-org.ludwig.lub.lu.se/10.1002/nla.617},
       keywords = {secondary}
}


@misc{Repository,
  author = {{numerics-seminar-VT23}},
  title = "Github repository to the project.",
  year = "2023",
  url = "https://github.com/TheoKoppenhoefer/numerics-seminar-VT23",
  note = "Online",
  keywords = "secondary"
}


@misc{Turtle,
  author = {{Turtle}},
  year = "2023",
  url = " https://www.needpix.com/photo/download/174752/turtle-brown-green-shell-animal-reptile-slow-armor-crawl",
  note = "Online",
  keywords = "image"
}

@misc{Hare,
  author = {{Hare}},
  year = "2023",
  url = " https://www.publicdomainpictures.net/pictures/200000/velka/hare-1479157709hRN.jpg",
  note = "Online",
  keywords = "image"
}
